<?xml version="1.0" encoding="UTF-8"?><collection xmlns="http://www.loc.gov/MARC21/slim"><record><leader>00425nam--2200157-i-4500</leader><controlfield tag="001">000020968</controlfield><controlfield tag="002">20161230</controlfield><controlfield tag="005">20161230201033</controlfield><controlfield tag="008">060222s1000------------r-----000-0-eng-d</controlfield><datafield ind1=" " ind2=" " tag="020"><subfield code="a">3-540-54</subfield></datafield><datafield ind1=" " ind2=" " tag="080"><subfield code="a">512.7</subfield></datafield><datafield ind1=" " ind2=" " tag="100"><subfield code="a">Nielsen, Torben T</subfield></datafield><datafield ind1=" " ind2=" " tag="245"><subfield code="a">Bose algebras: the complex and real wave repre sentations</subfield></datafield><datafield ind1=" " ind2=" " tag="260"><subfield code="a">Berlin, Springer-verlag, 1991. 132 P</subfield></datafield><datafield ind1=" " ind2=" " tag="490"><subfield code="a">Lectures Notes In Mathematics</subfield></datafield><datafield ind1=" " ind2=" " tag="852"><subfield code="a">80263</subfield></datafield></record></collection>